@article{Amato2020,
author = {Amato, Federico and Guignard, Fabian and Jacquet, Philippe and Kanevski, Mikhail},
year = {2020},
month = {10},
pages = {},
title = {On Feature Selection Using Anisotropic General Regression Neural Network}
}

@article{Zou2020,
author = {邹志伟},
title = {插层熔喷气流场模拟及生产工艺参数的优化},
journal = {[D].天津工业大学},
year = {2020}}

@article{Li2020,
author = {Li, X., Wang, B.  Hu, W},
year = {2020},
month = {01},
pages = {},
title = {A modified nonmonotone BFGS algorithm for unconstrained optimization}
}

@article{guan2022,
title = {Sparse functional partial least squares regression with a locally sparse slope function},
journal = {Stat Comput},
volume = {32},
number = {30},
pages = {},
year = {2022},
issn = {1090-9516},
author = {Guan, T., Lin, Z., Groves, K. et al}
}


@article{Kang2021,
title = {基于分期设权理想点法的水文模型参数多目标优化},
journal = {[J].天津大学学报(自然科学与工程技术版)},
volume = {54},
number = {05},
pages = {458-467},
year = {2021},
author = {康艳，伊丽，龚家国}
}

@article{Han2020,
title = {医用非织造口罩材料及其新技术的研究现状},
journal = {[J].西安工程大学学报},
volume = {34},
number = {02},
pages = {20-25},
year = {2020},
author = {韩玲，胡梦缘，马英博，郝栋连}
}

@article{Roy2022,
title = {Ensemble hybrid machine learning methods for gully erosion susceptibility mapping: K-fold cross validation approach},
journal = {[J]. Artificial Intelligence in Geosciences},
year = {2022},
month ={03},
author = {Roy Jagabandhu,Saha Sunil}
}


@article{Zhai2022,
title = {基于改进AHP-熵权法的雷达装备可靠性评估指标赋权方法},
journal = {[J/OL].现代防御技术},
volume = {08},
number = {10},
pages = {1-10},
year = {2022},
author = {翟芸，胡冰，施端阳}
}

@article{Sa2022,
title = {Optimization of doubly-fed induction generator (DFIG)based wind turbine to achieve maximum power generation with imperialist competitive algorithm (ICA)},
journal = {[J]. Science progress},
volume = {105},
number = {3},
pages = {},
year = {2022},
author = {Abdalkareem Jasim Saade,Mireya Romero Parra Rosario,Salam Karim Yasir,Mahdi Ahmed B,Jade Catalan Opulencia Maria,Fakhriddinovich Uktamov Khusniddin,Thaeer Hammid Ali}
}


@article{
Zhang2022,
   Author = {张小鹏 ， 钱晓明},
   Title = {玻璃纤维棉毡及插层熔喷的工艺研究进展},
   Journal = {化工新型材料},
   Volume = {50},
   Number = {01},
   Pages = {287-291},
   Year = {2022} }

@article{Huang2021,
title = {罗兹-哥特里法脂肪含量的测定},
journal = {[J].广东化工},
volume = {48},
number = {07},
pages = {172-173},
year = {2021},
author = {黄晓}
}

@ARTICLE{Luo2021,  author={Luo, Jianfu and Zhou, Jinsheng and Jiang, Xi},  journal={IEEE Access},   title={A Modification of the Imperialist Competitive Algorithm With Hybrid Methods for Constrained Optimization Problems},   year={2021},  volume={9},  number={},  pages={161745-161760},  doi={10.1109/ACCESS.2021.3133579}}

@article{Wu2017,
title = {人口老龄化背景下我国养老产业发展研究},
journal = {吉林大学},
year = {2017},
author = {武赫}
}



@article{Gao2020,
title = {民营养老机构盈利模式研究},
journal = {[D].上海工程技术大学},
year = {2020},
author = {高鹏飞}
}


@article{Zhang2017,
title = {大连市养老机构发展扶持政策研究},
journal = {[D].大连海事大学},
year = {2017},
author = {张斌}
}

@INPROCEEDINGS{Liu2019,  author={Liu, Tiqian and Xiao, Jiang-Wen and Huang, Zhengyi and Kong, Erdan and Liang, Yuntao},  booktitle={2019 Chinese Automation Congress (CAC)},   title={BP Neural Network Feature Selection Based on Group Lasso Regularization},   year={2019},  volume={},  number={},  pages={2786-2790}}

@article{Wang2022,
title = {高质量发展视角下黑龙江省现代养老服务问题研究},
journal = {[J].经营与管理},
year = {2022},
author = {王志桐,郝慧婷,刘艺嘉}
}
